<record><leader>00000cas a2200000 a 4500</leader><controlfield tag="001">27049143</controlfield><controlfield tag="008">921202c19929999iluwr ne      0   a0eng c</controlfield><datafield ind1=" " ind2=" " tag="010"><subfield code="a">sn 92006902 </subfield></datafield><datafield ind1=" " ind2=" " tag="040"><subfield code="a">NSD</subfield><subfield code="b">eng</subfield><subfield code="c">NSD</subfield><subfield code="d">CVF</subfield><subfield code="d">CUS</subfield><subfield code="d">NVF</subfield><subfield code="d">OCLCQ</subfield><subfield code="d">OCLCF</subfield><subfield code="d">NVF</subfield><subfield code="d">OCLCO</subfield><subfield code="d">OCL</subfield></datafield><datafield ind1=" " ind2=" " tag="012"><subfield code="m">y</subfield></datafield><datafield ind1="1" ind2=" " tag="022"><subfield code="a">1066-7849</subfield><subfield code="l">1066-7849</subfield><subfield code="y">1054-7118</subfield><subfield code="2">1</subfield></datafield><datafield ind1=" " ind2=" " tag="032"><subfield code="a">050970</subfield><subfield code="b">USPS</subfield></datafield><datafield ind1=" " ind2=" " tag="042"><subfield code="a">nsdp</subfield><subfield code="a">pcc</subfield></datafield><datafield ind1=" " ind2=" " tag="043"><subfield code="a">n-us-il</subfield></datafield><datafield ind1="0" ind2=" " tag="130"><subfield code="a">Lake Zurich courier (Barrington, Ill. : 1992)</subfield></datafield><datafield ind1=" " ind2="0" tag="222"><subfield code="a">Lake Zurich courier</subfield><subfield code="b">(1992)</subfield></datafield><datafield ind1="1" ind2="0" tag="245"><subfield code="a">Lake Zurich courier.</subfield></datafield><datafield ind1=" " ind2=" " tag="260"><subfield code="a">Wilmette, Ill. ;</subfield><subfield code="a">Barrington, Ill. :</subfield><subfield code="b">Pioneer Newspapers Inc.,</subfield><subfield code="c">1992-</subfield></datafield><datafield ind1=" " ind2=" " tag="300"><subfield code="a">v.</subfield></datafield><datafield ind1=" " ind2=" " tag="310"><subfield code="a">Weekly,</subfield><subfield code="b">June 22, 1995-</subfield></datafield><datafield ind1=" " ind2=" " tag="321"><subfield code="a">Weekly (except semiweekly in Mar., June, and Sept.),</subfield><subfield code="b">Mar. 12, 1992-June 15, 1995</subfield></datafield><datafield ind1="0" ind2=" " tag="362"><subfield code="a">Vol. 16, no. 11 (Mar. 12, 1992)-</subfield></datafield><datafield ind1=" " ind2=" " tag="530"><subfield code="a">Also available via the World Wide Web.</subfield></datafield><datafield ind1=" " ind2="0" tag="651"><subfield code="a">Lake Zurich (Ill.)</subfield><subfield code="v">Newspapers.</subfield></datafield><datafield ind1=" " ind2="0" tag="651"><subfield code="a">Wauconda (Ill.)</subfield><subfield code="v">Newspapers.</subfield></datafield><datafield ind1=" " ind2="0" tag="651"><subfield code="a">Hawthorn Woods (Ill.)</subfield><subfield code="v">Newspapers.</subfield></datafield><datafield ind1=" " ind2="0" tag="651"><subfield code="a">Kildeer (Ill.)</subfield><subfield code="v">Newspapers.</subfield></datafield><datafield ind1=" " ind2="0" tag="651"><subfield code="a">Island Lake (Ill.)</subfield><subfield code="v">Newspapers.</subfield></datafield><datafield ind1=" " ind2="7" tag="651"><subfield code="a">Illinois</subfield><subfield code="z">Island Lake</subfield><subfield code="2">fast</subfield><subfield code="0">(OCoLC)fst01926141</subfield></datafield><datafield ind1=" " ind2="7" tag="651"><subfield code="a">Illinois</subfield><subfield code="z">Hawthorn Woods.</subfield><subfield code="2">fast</subfield><subfield code="0">(OCoLC)fst01284527</subfield></datafield><datafield ind1=" " ind2="7" tag="651"><subfield code="a">Illinois</subfield><subfield code="z">Kildeer.</subfield><subfield code="2">fast</subfield><subfield code="0">(OCoLC)fst01235658</subfield></datafield><datafield ind1=" " ind2="7" tag="651"><subfield code="a">Illinois</subfield><subfield code="z">Lake Zurich.</subfield><subfield code="2">fast</subfield><subfield code="0">(OCoLC)fst01259911</subfield></datafield><datafield ind1=" " ind2="7" tag="651"><subfield code="a">Illinois</subfield><subfield code="z">Wauconda.</subfield><subfield code="2">fast</subfield><subfield code="0">(OCoLC)fst01256607</subfield></datafield><datafield ind1=" " ind2="7" tag="655"><subfield code="a">Newspapers.</subfield><subfield code="2">fast</subfield><subfield code="0">(OCoLC)fst01423814</subfield></datafield><datafield ind1=" " ind2=" " tag="752"><subfield code="a">United States</subfield><subfield code="b">Illinois</subfield><subfield code="c">Lake</subfield><subfield code="d">Barrington.</subfield></datafield><datafield ind1=" " ind2=" " tag="752"><subfield code="a">United States</subfield><subfield code="b">Illinois</subfield><subfield code="c">Lake</subfield><subfield code="d">Wilmette.</subfield></datafield><datafield ind1="0" ind2="8" tag="776"><subfield code="i">Online version:</subfield><subfield code="t">Lake Zurich courier (Barrington, Ill. : 1992 : Online)</subfield><subfield code="w">(DLC)sn 92006902</subfield><subfield code="w">(OCoLC)233143932</subfield></datafield><datafield ind1="0" ind2="0" tag="780"><subfield code="t">Courier (Barrington, Ill.)</subfield><subfield code="x">1054-7118</subfield><subfield code="w">(DLC)sn 91002586</subfield><subfield code="w">(OCoLC)22960189</subfield></datafield><datafield ind1="1" ind2=" " tag="029"><subfield code="a">AU@</subfield><subfield code="b">000020723439</subfield></datafield></record>